<?xml version="1.0" encoding="UTF-8"?><record xmlns="http://www.loc.gov/MARC21/slim" xmlns:cinclude="http://apache.org/cocoon/include/1.0" xmlns:zs="http://www.loc.gov/zing/srw/">
  <leader>00442nz  a2200133n  4500</leader>
  <controlfield tag="001">nb2011001189</controlfield>
  <controlfield tag="003">DLC</controlfield>
  <controlfield tag="005">20110115075139.0</controlfield>
  <controlfield tag="008">110113n| acannaabn          |n aaa      </controlfield>
  <datafield tag="010" ind1=" " ind2=" ">
    <subfield code="a">nb2011001189</subfield>
  </datafield>
  <datafield tag="035" ind1=" " ind2=" ">
    <subfield code="a">(Uk)008022874</subfield>
  </datafield>
  <datafield tag="040" ind1=" " ind2=" ">
    <subfield code="a">Uk</subfield>
    <subfield code="b">eng</subfield>
    <subfield code="c">Uk</subfield>
  </datafield>
  <datafield tag="100" ind1="1" ind2=" ">
    <subfield code="a">Lustig, Roger</subfield>
  </datafield>
  <datafield tag="670" ind1=" " ind2=" ">
    <subfield code="a">Managing risk, c2004:</subfield>
    <subfield code="b">p.86 (Roger Lustig, chartered accountant, specialises in internal audit, risk mgmt. &amp; financial investigations; based in central London)</subfield>
  </datafield>
</record>